@article{DARTFramework,
author = {Memon, Atif and Nagarajan, Adithya and Xie, Qing},
title = {Automating regression testing for evolving GUI software},
journal = {Journal of Software Maintenance and Evolution: Research and Practice},
volume = {17},
number = {1},
pages = {27-64},
doi = {10.1002/smr.305},
year = {2005}
}

@inproceedings{GUIRip,
author={A. {Memon} and I. {Banerjee} and A. {Nagarajan}},
booktitle={10th Working Conference on Reverse Engineering, 2003. WCRE 2003. Proceedings.},
title={GUI ripping: reverse engineering of graphical user interfaces for testing},
year={2003},
volume={},
number={},
pages={260-269},
keywords={Graphical user interfaces;Reverse engineering;Automatic testing;Software testing;Humans;Computer science;Educational institutions;Data mining;Software engineering;Application software},
doi={10.1109/WCRE.2003.1287256},
ISSN={1095-1350},
month={Nov},}

@article{EventFlow,
author = {Memon, Atif},
year = {2007},
month = {09},
pages = {137-157},
title = {An event-flow model of GUI-based applications for testing},
volume = {17},
journal = {Softw. Test., Verif. Reliab.},
doi = {10.1002/stvr.364}
}

@article{Pitfalls,
 author = {Memon, Atif M.},
 title = {GUI Testing: Pitfalls and Process},
 journal = {Computer},
 issue_date = {August 2002},
 volume = {35},
 number = {8},
 month = aug,
 year = {2002},
 issn = {0018-9162},
 pages = {87--88},
 numpages = {2},
 url = {https://doi.org/10.1109/MC.2002.1023795},
 doi = {10.1109/MC.2002.1023795},
 acmid = {622052},
 publisher = {IEEE Computer Society Press},
 address = {Los Alamitos, CA, USA},
} 

@book{framework,
  title={Comprehensive Framework for Testing Graphical User Interfaces},
  author={Memon, Atif M and others},
  year={2001},
  publisher={University of Pittsburgh Pittsburgh}
}

@misc{swift,
  title={Swift.org},
  url={https://swift.org/},
  journal={Swift.org},
  author={Apple Inc}
}

@misc{xcode,
  title={Xcode},
  url={https://developer.apple.com/xcode/},
  journal={Apple Developer},
  author={Apple Inc}
}

@misc{ARKit,
  title={Augmented Reality},
  url={https://developer.apple.com/augmented-reality/},
  journal={Apple Developer},
  author={Apple Inc}
}

@book{intrototesting,
  title={Introduction to software testing},
  author={Ammann, Paul and Offutt, Jeff},
  year={2016},
  publisher={Cambridge University Press}
}

@article{GUIplanning,
  title={Hierarchical GUI test case generation using automated planning},
  author={Memon, Atif M and Pollack, Martha E and Soffa, Mary Lou},
  journal={IEEE transactions on software engineering},
  volume={27},
  number={2},
  pages={144--155},
  year={2001},
  publisher={IEEE}
}

@inproceedings{openarch,
  title={An open software architecture for virtual reality interaction},
  author={Reitmayr, Gerhard and Schmalstieg, Dieter},
  booktitle={Proceedings of the ACM symposium on Virtual reality software and technology},
  pages={47--54},
  year={2001},
  organization={ACM}
}

@article{autofunc,
  title={An automated functional testing approach for virtual reality applications},
  author={Corr{\^e}a Souza, Alinne C and Nunes, F{\'a}tima LS and Delamaro, M{\'a}rcio E},
  journal={Software Testing, Verification and Reliability},
  volume={28},
  number={8},
  pages={e1690},
  year={2018},
  publisher={Wiley Online Library}
}

@inproceedings{bierbaum2003automated,
  title={Automated testing of virtual reality application interfaces},
  author={Bierbaum, Allen and Hartling, Patrick and Cruz-Neira, Carolina},
  booktitle={Proceedings of the workshop on Virtual Environments 2003},
  pages={107--114},
  year={2003},
  organization={ACM}
}
